[gd_resource type="Resource" load_steps=12 format=2]

[ext_resource path="res://scritps/rooms/tile_set.gd" type="Script" id=1]
[ext_resource path="res://prefabs/rooms/room_L.tscn" type="PackedScene" id=2]
[ext_resource path="res://prefabs/rooms/room_end.tscn" type="PackedScene" id=3]
[ext_resource path="res://prefabs/rooms/room_start.tscn" type="PackedScene" id=4]
[ext_resource path="res://prefabs/rooms/room_T.tscn" type="PackedScene" id=5]
[ext_resource path="res://prefabs/rooms/room_Y.tscn" type="PackedScene" id=6]
[ext_resource path="res://prefabs/rooms/room_I.tscn" type="PackedScene" id=7]
[ext_resource path="res://prefabs/rooms/room_Z.tscn" type="PackedScene" id=8]
[ext_resource path="res://prefabs/rooms/room_S.tscn" type="PackedScene" id=9]
[ext_resource path="res://scritps/loot_drop_table.gd" type="Script" id=10]

[sub_resource type="Resource" id=1]
script = ExtResource( 10 )
droped_items = 1
loot = [ [ 0.0, null, null, null, null, null ], [  ] ]

[resource]
script = ExtResource( 1 )
start_rooms = [ ExtResource( 4 ) ]
rooms = [ ExtResource( 7 ), ExtResource( 2 ), ExtResource( 9 ), ExtResource( 5 ), ExtResource( 6 ), ExtResource( 8 ) ]
loot_rooms = [  ]
event_rooms = [  ]
secret_rooms = [  ]
end_rooms = [ ExtResource( 3 ) ]
loot_table = [ SubResource( 1 ), null, null ]
iteration_range = Vector2( 5, 15 )
